<record><leader>00000cas a22000007a 4500</leader><controlfield tag="001">11854955</controlfield><controlfield tag="008">850327d185919uunyuwr ne      0    0eng d</controlfield><datafield ind1=" " ind2=" " tag="010"><subfield code="a">sn 85025682 </subfield></datafield><datafield ind1=" " ind2=" " tag="040"><subfield code="a">NPX</subfield><subfield code="b">eng</subfield><subfield code="c">NPX</subfield><subfield code="d">NYS</subfield><subfield code="d">OCL</subfield><subfield code="d">OCLCQ</subfield><subfield code="d">OCLCF</subfield><subfield code="d">OCLCO</subfield></datafield><datafield ind1=" " ind2=" " tag="042"><subfield code="a">msc</subfield></datafield><datafield ind1=" " ind2=" " tag="043"><subfield code="a">n-us-ny</subfield></datafield><datafield ind1="0" ind2="0" tag="245"><subfield code="a">City and country.</subfield></datafield><datafield ind1=" " ind2=" " tag="260"><subfield code="a">Nyack [N.Y.] ;</subfield><subfield code="a">Piermont [N.Y.] :</subfield><subfield code="b">Robert Carpenter, Wm. Wirt Sikes</subfield></datafield><datafield ind1=" " ind2=" " tag="300"><subfield code="a">v.</subfield></datafield><datafield ind1=" " ind2=" " tag="310"><subfield code="a">Weekly</subfield></datafield><datafield ind1="1" ind2=" " tag="362"><subfield code="a">Began in 1859.</subfield><subfield code="z">Cf. Nordstrom, C. Frontier elements in a Hudson River village.</subfield></datafield><datafield ind1=" " ind2=" " tag="500"><subfield code="a">Publisher: Robert Carpenter, &lt;1876&gt;.</subfield></datafield><datafield ind1=" " ind2=" " tag="500"><subfield code="a">Democratic. Cf. Rowell, 1870.</subfield></datafield><datafield ind1=" " ind2=" " tag="515"><subfield code="a">Volume numbering irregular.</subfield></datafield><datafield ind1=" " ind2=" " tag="588"><subfield code="a">Description based on: Vol. 3, no. 17 (Sept. 6, 1860).</subfield></datafield><datafield ind1=" " ind2="0" tag="651"><subfield code="a">Nyack (N.Y.)</subfield><subfield code="v">Newspapers.</subfield></datafield><datafield ind1=" " ind2="0" tag="651"><subfield code="a">Piermont (N.Y.)</subfield><subfield code="v">Newspapers.</subfield></datafield><datafield ind1=" " ind2="7" tag="655"><subfield code="a">Newspapers.</subfield><subfield code="2">fast</subfield><subfield code="0">(OCoLC)fst01423814</subfield></datafield><datafield ind1=" " ind2="7" tag="651"><subfield code="a">New York (State)</subfield><subfield code="z">Nyack.</subfield><subfield code="2">fast</subfield><subfield code="0">(OCoLC)fst01232831</subfield></datafield><datafield ind1=" " ind2="7" tag="651"><subfield code="a">New York (State)</subfield><subfield code="z">Piermont.</subfield><subfield code="2">fast</subfield><subfield code="0">(OCoLC)fst01290045</subfield></datafield><datafield ind1=" " ind2=" " tag="752"><subfield code="a">United States</subfield><subfield code="b">New York</subfield><subfield code="c">Rockland</subfield><subfield code="d">Nyack.</subfield></datafield><datafield ind1=" " ind2=" " tag="752"><subfield code="a">United States</subfield><subfield code="b">New York</subfield><subfield code="c">Rockland</subfield><subfield code="d">Piermont.</subfield></datafield></record>